@book{JCGM2011,
  title = {Evaluation of measurement data – Supplement 2 to the “Guide to the expression of uncertainty in measurement” – Extension to any number of output quantities},
  number = {October},
  publisher = {Bureau International des Poids et Measures},
  author = {{JCGM}},
  editor = {{JCGM}},
  date = {2011},
  keywords = {metrology,montecarlo,uncert}
}

@book{JCGM2008,
  title = {Evaluation of measurement data - Supplement 1 to the “Guide to the expression of uncertainty in measurement” - Propagation of distributions using a Monte Carlo method},
  publisher = {Bureau International des Poids et Measures},
  author = {{JCGM}},
  editor = {{JCGM}},
  date = {2008},
  keywords = {metrology,montecarlo,uncert},
}

@book{JCGM2009,
  title = {Evaluation of measurement data - An introduction to the "Guide to the expression of uncertainty in measurement" and related documents},
  publisher = {Bureau International des Poids et Measures},
  author = {{JCGM}},
  editor = {{JCGM}},
  date = {2009},
  keywords = {metrology,uncert},
}

@book{JCGM1995,
  title = {Evaluation of measurement data - Guide to the expression of uncertainty in measurement},
  isbn = {92-67-10188-9},
  publisher = {Bureau International des Poids et Measures},
  author = {{JCGM}},
  editor = {{JCGM}},
  date = {1995},
  keywords = {metrology,uncert},
}

@book{JCGM2008a,
  title = {The International Vocabulary of Metrology — Basic and General Concepts and Associated Terms ({VIM})},
  pagetotal = {104},
  number = {Vim},
  publisher = {Bureau International des Poids et Measures},
  author = {{JCGM}},
  date = {2008},
  keywords = {metrology,uncert},
}
